<record><leader>00000cas a22000007a 4500</leader><controlfield tag="001">11507191</controlfield><controlfield tag="008">841218d18591860wiuwr ne      0    0eng d</controlfield><datafield ind1=" " ind2=" " tag="010"><subfield code="a">sn 84025639 </subfield></datafield><datafield ind1=" " ind2=" " tag="040"><subfield code="a">NPV</subfield><subfield code="b">eng</subfield><subfield code="c">NPV</subfield><subfield code="d">OCLCQ</subfield></datafield><datafield ind1=" " ind2=" " tag="042"><subfield code="a">msc</subfield></datafield><datafield ind1=" " ind2=" " tag="043"><subfield code="a">n-us-wi</subfield></datafield><datafield ind1=" " ind2=" " tag="045"><subfield code="a">w5w6</subfield></datafield><datafield ind1=" " ind2=" " tag="052"><subfield code="a">4123</subfield><subfield code="b">R2</subfield></datafield><datafield ind1="0" ind2="4" tag="245"><subfield code="a">The Weekly Burlington gazette.</subfield></datafield><datafield ind1="1" ind2="7" tag="246"><subfield code="a">Burlington gazette</subfield></datafield><datafield ind1=" " ind2=" " tag="260"><subfield code="a">Burlington, Wis. :</subfield><subfield code="b">H.W. Phelps,</subfield><subfield code="c">1859-1860.</subfield></datafield><datafield ind1=" " ind2=" " tag="300"><subfield code="a">2 v.</subfield></datafield><datafield ind1=" " ind2=" " tag="310"><subfield code="a">Weekly</subfield></datafield><datafield ind1="0" ind2=" " tag="362"><subfield code="a">Vol. 1, no. 24 (Oct. 25, 1859)-v. 2, no. 28 (Dec. 11, 1860).</subfield></datafield><datafield ind1=" " ind2=" " tag="500"><subfield code="a">Editor: H.W. &amp; A.C. Phelps.</subfield></datafield><datafield ind1=" " ind2=" " tag="525"><subfield code="a">Supplements accompany some issues.</subfield></datafield><datafield ind1=" " ind2=" " tag="530"><subfield code="a">Available on microfilm from the State Historical Society of Wisconsin.</subfield></datafield><datafield ind1=" " ind2=" " tag="752"><subfield code="a">United States</subfield><subfield code="b">Wisconsin</subfield><subfield code="c">Racine</subfield><subfield code="d">Burlington.</subfield></datafield><datafield ind1="0" ind2="0" tag="780"><subfield code="t">Burlington weekly gazette</subfield><subfield code="w">(DLC)sn 84025638</subfield></datafield><datafield ind1="0" ind2="0" tag="785"><subfield code="t">Horicon gazette</subfield><subfield code="w">(DLC)sn 84025640</subfield></datafield><datafield ind1="1" ind2=" " tag="029"><subfield code="a">AU@</subfield><subfield code="b">000025836859</subfield></datafield></record>